@book{darwin2004origin,
  title={On the origin of species, 1859},
  author={Darwin, Charles},
  volume={2},
  year={2004},
  publisher={Routledge London, UK:}
}

@book{gould2002structure,
  title={The structure of evolutionary theory},
  author={Gould, Stephen Jay},
  year={2002},
  publisher={Harvard university press}
}

@article{deangelis2005individual,
  title={Individual-based modeling of ecological and evolutionary processes},
  author={DeAngelis, Donald L and Mooij, Wolf M},
  journal={Annu. Rev. Ecol. Evol. Syst.},
  volume={36},
  number={1},
  pages={147--168},
  year={2005},
  publisher={Annual Reviews}
}

@inproceedings{rao1995bdi,
  title={BDI agents: from theory to practice.},
  author={Rao, Anand S and Georgeff, Michael P and others},
  booktitle={Icmas},
  volume={95},
  pages={312--319},
  year={1995}
}


